@article{ mckusick84fast,
	author = "Marshall K. McKusick and William N. Joy and Samuel J. Leffler and Robert S. Fabry",
	title = "{A Fast File System for UNIX}",
	journal = "Computer Systems",
	volume = "2",
	number = "3",
	pages = "181-197",
	year = "1984",
	url = "citeseer.ist.psu.edu/article/mckusick84fast.html"
}

@manual{ geom,
	title = "{GEOM} -- modular disk {I/O} request transformation framework",
	note = "\url{http://www.freebsd.org/cgi/man.cgi?query=geom&sektion=4}"
}

@manual{ fuse,
	title = "{FUSE} -- Filesystem in Userspace",
	note = "\url{http://fuse.sourceforge.net/}"
}

@inproceedings{ tweedie98journaling,
	author = "Stephen Tweedie",
	title = "{Journaling the Linux ext2fs Filesystem}",
	booktitle = "LinuxExpo '98",
	year = "1998",
	url = "http://citeseer.ist.psu.edu/tweedie98journaling.html"
}

@misc{ tweedie00ext3,
	author = "Stephen Tweedie",
	title = "{Ext3, Journaling Filesystem}",
	venue = "Ottawa Linux Symposium",
	year = "2000",
	month = "July",
	location = "Ottawa, Ontario, Canada",
	note = "\url{http://olstrans.sf.net/release/OLS2000-ext3/OLS2000-ext3.html}"
}

@article{ heidemann94stackable,
	author = "John S. Heidemann and Gerald J. Popek",
	title = "File-system development with stackable layers",
	journal = "ACM Transactions on Computer Systems",
	volume = "12",
	number = "1",
	year = "1994",
	issn = "0734-2071",
	pages = "58--89",
	doi = "http://doi.acm.org/10.1145/174613.174616",
	publisher = "ACM Press",
	address = "New York, NY, USA"
}

@inproceedings{ zadok99stackable,
	author = "Erez Zadok and Ion Badulescu",
	title = "{A Stackable File System Interface For Linux}",
	booktitle = "Proceedings of the 5th Annual Linux Expo",
	pages = "141--151",
	location = "Raleigh, North Carolina",
	month = "May",
	year = "1999",
	url = "citeseer.ist.psu.edu/zadok99stackable.html"
}

@inproceedings{ zadok99extending,
	author = "Erez Zadok and Ion Badulescu and Alex Shender",
	title = "{Extending File Systems Using Stackable Templates}",
	booktitle = "USENIX Annual Technical Conference",
	pages = "57--70",
	month = "June",
	year = "1999",
	url = "citeseer.ist.psu.edu/zadok99extending.html"
}

@techreport{ rfc3501,
	author = "Mark Crispin",
	title = "{I}nternet {M}essage {A}ccess {P}rotocol - version 4rev1",
	type ="{RFC~3501}",
	institution = "IETF",
	year = "2003",
	month = "March"
}

@manual{ uwimap,
	title = "{UW IMAP} toolkit",
	note = "\url{http://www.washington.edu/imap/}"
}

@manual{ dovecot,
	title = "Dovecot",
	note = "Version 1.0 beta7, \url{http://www.dovecot.org/}"
}

@misc{ mckusick94fsck,
	author = "M. McKusick and T. Kowalski",
	title = "Fsck -- The UNIX File System Check Program",
	text = "M. McKusick, T.J. Kowalski, Fsck -- The UNIX File System Check
		Program, 4.4 BSD System Manager's Manual, O'Reilley & Associates,
		Inc., Sebastopol, CA, 1994, pp. 3:1--21.",
	year = "1994",
	url = "citeseer.ist.psu.edu/mckusick94fsck.html"
}

% Add other stackable references
