@inproceedings{ zadok00fist,
	author = "Erez Zadok and Jason Nieh",
	title = "{FiST}: {A} Language for Stackable File Systems",
	organization = "USENIX",
	year = 2000,
	month = jun,
	pages = "55--70",
	url = "http://citeseer.ist.psu.edu/zadok00fist.html"
}

@article{ ganger00soft,
    author = "Gregory R. Ganger and Marshall Kirk McKusick and Craig A. N. Soules and Yale N. Patt",
    title = "Soft updates: a solution to the metadata update problem in file systems",
    journal = "ACM Transactions on Computer Systems",
    volume = "18",
    number = "2",
    pages = "127--153",
    year = "2000",
    url = "citeseer.ist.psu.edu/ganger95soft.html"
}

@manual{ geom,
	title = "{GEOM} --- modular disk {I/O} request transformation framework",
	note = "\url{http://www.freebsd.org/cgi/man.cgi?query=geom&sektion=4}"
}
