@article{ mckusick84fast,
	author = "Marshall K. McKusick and William N. Joy and Samuel J. Leffler and Robert S. Fabry",
	title = "A Fast File System for {UNIX}",
	crossref = "j:tocs",
	volume = 2, number = 3, year = 1984, month = aug,
	pages = "181--197",
	xxxurl = "http://citeseer.ist.psu.edu/article/mckusick84fast.html"
}

@manual{ geom,
	title = "{GEOM}---modular disk {I/O} request transformation framework",
	note = "\url{http://tinyurl.com/2ym2t2}"
}
% note = "\url{http://www.freebsd.org/cgi/man.cgi?query=geom&sektion=4}"

@manual{ fuse,
	title = "{FUSE}---Filesystem in Userspace",
	note = "\url{http://fuse.sourceforge.net/}"
}

@inproceedings{ tweedie98journaling,
	author = "Stephen Tweedie",
	title = "Journaling the {L}inux {ext2fs} Filesystem",
	booktitle = "Proc. 4th Annual LinuxExpo",
	year = "1998", address = "Durham, North Carolina",
	xxxurl = "http://citeseer.ist.psu.edu/tweedie98journaling.html"
}

@misc{ tweedie00ext3,
	author = "Stephen Tweedie",
	title = "Ext3, Journaling Filesystem",
	venue = "Ottawa Linux Symposium",
	year = "2000",
	month = "July",
	location = "Ottawa, Ontario, Canada",
	note = "\url{http://olstrans.sf.net/release/OLS2000-ext3/OLS2000-ext3.html}"
}

@techreport{ postmark,
	author = "J Katcher",
	title = "{PostMark}: A new file system benchmark",
	type ="Technical Report",
	number = "TR0322",
	institution = "Network Appliance",
	year = 1997,
	note = "\url{http://tinyurl.com/27ommd}"
}
% note = "\url{http://web.archive.org/web/20050901112245/http://www.netapp.com/tech_library/3022.html}"
% note = "\url{http://www.netapp.com/tech_library/3022.html}"

@inproceedings{ zadok99stackable,
	author = "Erez Zadok and Ion Badulescu",
	title = "A Stackable File System Interface For {L}inux",
	booktitle = "Proceedings of the 5th Annual Linux Expo",
	pages = "141--151",
	location = "Raleigh, North Carolina",
	month = "May",
	year = "1999",
	xxxurl = "http://citeseer.ist.psu.edu/zadok99stackable.html"
}

@techreport{ rfc3501,
	author = "M. Crispin",
	title = "{I}nternet {M}essage {A}ccess {P}rotocol---Version 4rev1",
	type ="{RFC~3501}",
	institution = "IETF",
	year = 2003, month = mar
}

@manual{ uwimap,
	title = "{UW IMAP} toolkit",
	note = "\url{http://www.washington.edu/imap/}"
}

@manual{ dovecot,
	title = "Dovecot",
	note = "Version 1.0 beta7, \url{http://www.dovecot.org/}"
}

@manual{ svn,
	title = "Subversion",
	note ="\url{http://subversion.tigris.org/}"
}

@misc{ svntradeoff,
	author = "Malcom Rowe",
	title = "Re: wc atomic rename safety on non-ext3 file systems",
	howpublished = "Subversion developer mailing list",
	year = 2007,
	month = mar # "~5",
	note = "\url{http://svn.haxx.se/dev/archive-2007-03/0064.shtml} (retrieved August 2007)"
}

@misc{ googleext2,
	author = "Mike Waychison",
	title = "Re: fallocate support for bitmap-based files",
	howpublished = "linux-ext4 mailing list",
	year = 2007,
	month = jun # "~29",
	note = "\url{http://www.mail-archive.com/linux-ext4@vger.kernel.org/msg02382.html} (retrieved August 2007)"
}

@misc{tso04ext3,
	author = "Theodore Ts'o",
	title = "Re: [evals] ext3 vs reiser with quotas",
	year = 2004, month = dec # "~19",
	note = "\url{http://linuxmafia.com/faq/Filesystems/reiserfs.html} (retrieved August 2007)"
}

@manual{ cvs,
	title = "CVS",
	note ="\url{http://www.nongnu.org/cvs/}"
}

@manual{ gzip,
	title = "gzip",
	note ="\url{http://www.gzip.org/}"
}

@misc{ mckusick94fsck,
	author = "Marshall K. McKusick and T. Kowalski",
	title = "Fsck---The {UNIX} File System Check Program",
	booktitle = "4.4 BSD System Manager's Manual",
	publisher = "O'Reilley & Associates, Inc.",
	address = "Sebastopol, CA",
	year = "1994",
	volume = "3",
	pages = "1--21",
	xxxurl = "http://citeseer.ist.psu.edu/mckusick94fsck.html"
}

@techreport{ heidemann91layered,
	author = "John S. Heidemann and Gerald J. Popek",
	title = "A Layered Approach to File System Development",
	institution = "UCLA",
	address = "Los Angeles, CA",
	year = "1991",
	month = "March",
	info = "Technical Report CSD-910007"
}

@inproceedings{ skinner93stacking,
	author = "Glenn C. Skinner and Thomas K. Wong",
	title = "``{S}tacking'' {V}nodes: A Progress Report",
        crossref = "usenix93summer",
	pages = "161--174"
}

@inproceedings{ webber93portable,
	author = "N. Webber",
	title = "Operating System Support for Portable Filesystem Extensions",
	crossref = "usenix93winter",
	pages = "219--225"
}

@inproceedings{ huang05fs2,
	author = "Hai Huang and Wanda Hung and Kang G. Shin",
	title = "{FS2}: Dynamic Data Replication in Free Disk Space for Improving Disk Performance and Energy Consumption",
	crossref = "sosp20", pages = "263--276"
}

@inproceedings{ cornell04wayback,
	author = "Brian Cornell and Peter A. Dinda and Fabi{\'a}n E. Bustamante",
	title = "Wayback: A User-level Versioning File System for {L}inux",
	crossref = "freenix04",
	pages = "19--28",
	xxxurl = "http://citeseer.ist.psu.edu/cornell04wayback.html"
}

@article{ gifford91semantic,
	author = "David K. Gifford and Pierre Jouvelot and Mark A. Sheldon and James W. {O'Toole Jr.}",
	title = "Semantic File Systems",
	crossref = "sosp13",
	pages = "16--25",
	xxxurl = "http://citeseer.ist.psu.edu/gifford91semantic.html"
}

@inproceedings{ quinlan02venti,
	author = "Sean Quinlan and Sean Dorward",
	title = "Venti: a new approach to archival storage",
	crossref = "fast02", pages = "89--101",
	xxxurl = "http://citeseer.ist.psu.edu/article/quinlan02venti.html"
}

@inproceedings{ fast04versionfs,
	author = "Kiran-Kumar Muniswamy-Reddy and Charles P. Wright and Andrew Himmer and Erez Zadok",
	title = "A Versatile and User-Oriented Versioning File System",
	pages = "115--128",
	crossref = "fast04"
}

@inproceedings{ wright03ncryptfs,
	author = "Charles P. Wright and Michael C. Martino and Erez Zadok",
	title = "{NCryptfs}: A Secure and Convenient Cryptographic File System",
	crossref = "usenix03",
	pages = "197--210",
	xxxurl = "http://citeseer.ist.psu.edu/wright03ncryptfs.html"
}

@inproceedings{ sivathanuetal05-logic,
	title = "A Logic of File Systems",
	author = "Muthian Sivathanu and Andrea C. Arpaci-Dusseau and Remzi H. Arpaci-Dusseau and Somesh Jha",
	crossref = "fast05",
	pages = "1--15"
}

@inproceedings{ denehyetal05-journal-guided,
	title = "Journal-guided Resynchronization for Software {RAID}",
	author = "Timothy E. Denehy and Andrea C. Arpaci-Dusseau and Remzi H. Arpaci-Dusseau",
	crossref = "fast05",
	pages = "87--100"
}

@inproceedings{ soules03metadata,
	author = "Craig A. N. Soules and Garth R. Goodson and John D. Strunk and Gregory R. Ganger",
	title = "Metadata Efficiency in Versioning File Systems",
	crossref = "fast03", pages = "43--58",
	xxxurl = "http://citeseer.ist.psu.edu/soules03metadata.html"
}

@misc{ sivathanu05ensuring,
	author = "Gopalan Sivathanu and Charles P. Wright and Erez Zadok",
	title = "Ensuring Data Integrity in Storage: Techniques and Applications",
	booktitle = "Proc. 1st {ACM} International Workshop on Storage Security and Survivability ({StorageSS} 2005)",
	year = "2005"
}

@inproceedings{ nightingale06rethink,
	author = "Edmund B. Nightingale and Kaushik Veeraraghavan and Peter M. Chen and Jason Flinn",
	title = "Rethink the Sync",
	crossref = "osdi06",
	pages = "1--14"
}

@inproceedings{ nightingale05speculative,
	author = "Edmund B. Nightingale and Peter M. Chen and Jason Flinn",
	title = "Speculative Execution in a Distributed File System",
	crossref = "sosp20", pages = "191--205"
}

@article{ mann94coherent,
	author = {Timothy Mann and Andrew Birrell and Andy Hisgen and Charles Jerian and Garret Swart},
	title = {A coherent distributed file cache with directory write-behind},
	crossref = "j:tocs",
	volume = 12, number = 2, year = 1994, month = may,
	pages = {123--164}
}

@inproceedings{ sivathanu06typesafe,
	author = "Gopalan Sivathanu and Swaminathan Sundararaman and Erez Zadok",
	title = "Type-Safe Disks",
	crossref = "osdi06", pages = "15--28"
}

@phdthesis{ burnett06information,
	author = "Nathan Christopher Burnett",
	title = "Information and Control in File System Buffer Management",
	school = "University of Wisconsin---Madison",
	month = jul, year = 2006
}
