@article{ jouvelot91semantic,
    author = "Mark A. Sheldon {David K. Gifford, Pierre Jouvelot} and James W. O'Toole Jr.",
    title = "Semantic File Systems",
    journal = "Proceedings of the 13th ACM Symposium on Operating Systems Principles",
    pages = "16--25",
    year = "October 1991",
    url = "citeseer.ist.psu.edu/gifford91semantic.html"
}