@inproceedings{ zadok00fist,
    author = "Erez Zadok and Jason Nieh",
    title = "{FiST}: {A} Language for Stackable File Systems",
    year = 2000,
    month = jun,
    organization = "USENIX",
    pages = "55--70",
    url = "http://citeseer.ist.psu.edu/zadok00fist.html"
}

@techreport{ heidemann93stack,
    author = "John S. Heidemann and Gerald J. Popek",
    title = "File System Development with Stackable Layers",
    year = 1993,
    month = jul,
    institution = "University of California, Los Angeles",
    number = "CSD-930019"
}

@article{ jouvelot91semantic,
    author = "Mark A. Sheldon {David K. Gifford, Pierre Jouvelot} and James W. O'Toole Jr.",
    title = "Semantic File Systems",
    journal = "Proceedings of the 13th ACM Symposium on Operating Systems Principles",
    pages = "16--25",
    year = "October 1991",
    url = "http://citeseer.ist.psu.edu/gifford91semantic.html"
}

@article{ ganger00soft,
    author = "Gregory R. Ganger {Marshall Kirk McKusick, Craig A. N. Soules} and Yale N. Patt",
    title = "Soft Updates: A solution to the Metadata Update Problem in File Systems",
    journal = "ACM Transactions on Computer Systems, Vol. 18, No. 2",
    pages = "127--153",
    year = "May 2000",
    url = "http://www.ece.cmu.edu/~ganger/papers/softupdates_abs.html"
}

@inproceedings{ zadokfast,
    author = "Erez Zadok and Johan M. Andersen and Ion Badulescu and Jason Nieh",
    title = "Fast Indexing: Support for {Size-Changing} Algorithms in Stackable File Systems",
    pages = "289--304"
}

@inproceedings{ seltzer00journaling,
  author = "Margo Seltzer and Greg Ganger and M. Kirk McKusick and Keith Smith and Craig Soules and Christopher Stein",
  title = "Journaling versus Soft Updates: Asynchronous Meta-data Protection in File Systems",
  booktitle = "USENIX Annual Technical Conference",
  pages = "18--23",
  month = "June",
  year = "2000"
}
